<record><leader>00000cas a22000007a 4500</leader><controlfield tag="001">18007759</controlfield><controlfield tag="008">880527d19491954nduwr ne      0    0eng d</controlfield><datafield ind1=" " ind2=" " tag="010"><subfield code="a">sn 88076299 </subfield></datafield><datafield ind1=" " ind2=" " tag="040"><subfield code="a">NOP</subfield><subfield code="b">eng</subfield><subfield code="c">NOP</subfield><subfield code="d">OCLCQ</subfield></datafield><datafield ind1=" " ind2=" " tag="042"><subfield code="a">msc</subfield></datafield><datafield ind1="0" ind2="0" tag="245"><subfield code="a">Benson County courier.</subfield></datafield><datafield ind1=" " ind2=" " tag="260"><subfield code="a">Leeds, N.D. :</subfield><subfield code="b">Leslie Strand</subfield></datafield><datafield ind1=" " ind2=" " tag="300"><subfield code="a">5 v. :</subfield><subfield code="b">ill.</subfield></datafield><datafield ind1=" " ind2=" " tag="310"><subfield code="a">Weekly</subfield></datafield><datafield ind1="0" ind2=" " tag="362"><subfield code="a">Vol. 1, no. 1 (Oct. 6, 1949)-v. 5, no. 22 (Feb. 18, 1954).</subfield></datafield><datafield ind1=" " ind2=" " tag="530"><subfield code="a">Available on microfilm from the State Historical Society of North Dakota.</subfield></datafield><datafield ind1=" " ind2=" " tag="752"><subfield code="a">United States</subfield><subfield code="b">North Dakota</subfield><subfield code="c">Benson</subfield><subfield code="d">Leeds.</subfield></datafield><datafield ind1="0" ind2="4" tag="785"><subfield code="t">Benson County farmers press</subfield><subfield code="w">(DLC)sn 88076305</subfield></datafield></record>